<record><leader>00000cas a22000007a 4500</leader><controlfield tag="001">13639693</controlfield><controlfield tag="008">860523d19451968inudn ne      0    0eng d</controlfield><datafield ind1=" " ind2=" " tag="010"><subfield code="a">sn 86058530 </subfield></datafield><datafield ind1=" " ind2=" " tag="040"><subfield code="a">NPI</subfield><subfield code="b">eng</subfield><subfield code="c">NPI</subfield><subfield code="d">OCLCQ</subfield><subfield code="d">IUL</subfield><subfield code="d">OCLCF</subfield></datafield><datafield ind1=" " ind2=" " tag="042"><subfield code="a">msc</subfield></datafield><datafield ind1=" " ind2=" " tag="043"><subfield code="a">n-us-in</subfield></datafield><datafield ind1="0" ind2="4" tag="245"><subfield code="a">The Union City times-gazette.</subfield></datafield><datafield ind1=" " ind2=" " tag="260"><subfield code="a">Union City, Ind. :</subfield><subfield code="b">Gazette Pub. Co.,</subfield><subfield code="c">1945-</subfield></datafield><datafield ind1=" " ind2=" " tag="300"><subfield code="a">v. :</subfield><subfield code="b">ill. ;</subfield><subfield code="c">58 cm.</subfield></datafield><datafield ind1=" " ind2=" " tag="310"><subfield code="a">Daily (except Sun.)</subfield></datafield><datafield ind1="0" ind2=" " tag="362"><subfield code="a">Vol. 7, no. 167 (Aug. 22, 1945)-</subfield></datafield><datafield ind1=" " ind2=" " tag="580"><subfield code="a">In July 1968: Union City times-gazette merged with: The Winchester news to form: The News-gazette (Winchester, Ind.).</subfield></datafield><datafield ind1=" " ind2="0" tag="651"><subfield code="a">Union City (Ind.)</subfield><subfield code="v">Newspapers.</subfield></datafield><datafield ind1=" " ind2="0" tag="651"><subfield code="a">Randolph County (Ind.)</subfield><subfield code="v">Newspapers.</subfield></datafield><datafield ind1=" " ind2="7" tag="655"><subfield code="a">Newspapers.</subfield><subfield code="2">fast</subfield><subfield code="0">(OCoLC)fst01423814</subfield></datafield><datafield ind1=" " ind2="7" tag="651"><subfield code="a">Indiana</subfield><subfield code="z">Randolph County.</subfield><subfield code="2">fast</subfield><subfield code="0">(OCoLC)fst01208877</subfield></datafield><datafield ind1=" " ind2="7" tag="651"><subfield code="a">Indiana</subfield><subfield code="z">Union City.</subfield><subfield code="2">fast</subfield><subfield code="0">(OCoLC)fst01229740</subfield></datafield><datafield ind1=" " ind2=" " tag="752"><subfield code="a">United States</subfield><subfield code="b">Indiana</subfield><subfield code="c">Randolph</subfield><subfield code="d">Union City.</subfield></datafield><datafield ind1="0" ind2="0" tag="780"><subfield code="t">Times-gazette (Union City, Ind.)</subfield><subfield code="w">(DLC)sn 86058529</subfield><subfield code="w">(OCoLC)13639646</subfield></datafield><datafield ind1="0" ind2="7" tag="785"><subfield code="t">Winchester news (Winchester, Ind.)</subfield><subfield code="w">(DLC)sn 86058539</subfield><subfield code="w">(OCoLC)13640402</subfield></datafield><datafield ind1="0" ind2="7" tag="785"><subfield code="t">News-gazette (Winchester, Ind. : 1968)</subfield><subfield code="w">(DLC)sn 86058531</subfield><subfield code="w">(OCoLC)13641042</subfield></datafield></record>